@book{scrumMaster2022,
	author = {Marta Palacio},
	year = {2022},
	month = {02},
	pages = {82},
	title = {Scrum Master. Temario troncal 1.},
	howpublished = {\url{https://www.scrummanager.com/files/scrum_master.pdf}}
}

@article{khan2014computer,
  title     = {A computer vision framework for finger-tapping evaluation in Parkinson's disease},
  author    = {Khan, Taha and Nyholm, Dag and Westin, Jerker and Dougherty, Mark},
  journal   = {Artificial intelligence in medicine},
  volume    = {60},
  number    = {1},
  pages     = {27--40},
  year      = {2014},
  publisher = {Elsevier}
}

@article{williams2020discerning,
  title     = {The discerning eye of computer vision: Can it measure Parkinson's finger tap bradykinesia?},
  author    = {Williams, Stefan and Zhao, Zhibin and Hafeez, Awais and Wong, David C and Relton, Samuel D and Fang, Hui and Alty, Jane E},
  journal   = {Journal of the Neurological Sciences},
  volume    = {416},
  pages     = {117003},
  year      = {2020},
  publisher = {Elsevier}
}

@article{williams2020supervised,
  title     = {Supervised classification of bradykinesia in Parkinsonâ€™s disease from smartphone videos},
  author    = {Williams, Stefan and Relton, Samuel D and Fang, Hui and Alty, Jane and Qahwaji, Rami and Graham, Christopher D and Wong, David C},
  journal   = {Artificial Intelligence in Medicine},
  volume    = {110},
  pages     = {101966},
  year      = {2020},
  publisher = {Elsevier}
}


